@misc{opendir,
	title={The Open Directory Project.},
	howpublished ={\url{http://dmoz.org}}
}