@efficient{yan2009efficient,
  title={Efficient event-based resource discovery},
  author={Yan, W. and Hu, S. and Muthusamy, V. and Jacobsen, H.A. and Zha, L.},
  booktitle={Proceedings of the Third ACM International Conference on Distributed Event-Based Systems},
  pages={19},
  year={2009},
  organization={ACM}
}

@social{liu2007social,
  title={Social peer-to-peer for resource discovery},
  author={Liu, L. and Antonopoulos, N. and Mackin, S.},
  booktitle={Parallel, Distributed and Network-Based Processing, 2007. PDP'07. 15th EUROMICRO International Conference on},
  pages={459--466},
  year={2007},
  organization={IEEE}
}

@tree{chang2010resource,
  title={A resource discovery tree using bitmap for grids},
  author={Chang, R.S. and Hu, M.S.},
  journal={Future Generation Computer Systems},
  volume={26},
  number={1},
  pages={29--37},
  year={2010},
  publisher={Elsevier}
}